@Article{Rodriguez-Leal2011,
author="Rodriguez-Leal, Ernesto
and Dai, Jian S.
and Pennock, Gordon R.",
title="Kinematic analysis of a 5-\hbox{RSP} parallel mechanism with centralized motion",
journal="Meccanica",
year="2011",
volume="46",
number="1",
pages="221--237",
issn="1572-9648",
doi="10.1007/s11012-010-9412-y",
url="http://dx.doi.org/10.1007/s11012-010-9412-y"
}

@article{Palacios-Velez2015,
author = {Óscar Luis Palacios-Vélez and Felipe J.A. Pedraza-Oropeza and Bernardo Samuel Escobar-Villagran},
title = {An algebraic approach to finding the Fermat–Torricelli point},
journal = {International Journal of Mathematical Education in Science and Technology},
volume = {46},
number = {8},
pages = {1252--1259},
year = {2015},
doi = {10.1080/0020739X.2015.1036947},
URL = {http://dx.doi.org/10.1080/0020739X.2015.1036947}
}