@article{delaTorre2016,
author = {Hussein de la Torre and Ernesto Rodriguez-Leal},
title = {Instantaneous Kinematics Analysis via Screw-Theory of a Novel 3-CRC Parallel Mechanism},
journal = {International Journal of Advanced Robotic Systems},
volume = {13},
number = {3},
pages = {128},
year = {2016},
doi = {10.5772/63748},
URL = {http://dx.doi.org/10.5772/63748}
}

@article{Goselin90, 
author={C. Gosselin and J. Angeles}, 
journal={IEEE Transactions on Robotics and Automation}, 
title={Singularity analysis of closed-loop kinematic chains}, 
year={1990}, 
volume={6}, 
number={3}, 
pages={281--290},
doi={10.1109/70.56660}, 
ISSN={1042-296X}, 
month={June}
}

@article{Cuan-Urquizo13,
author = "Enrique Cuan-Urquizo and Ernesto Rodriguez-Leal",
title = "Kinematic analysis of the 3-CUP parallel mechanism ",
journal = "Robotics and Computer-Integrated Manufacturing ",
volume = "29",
number = "5",
pages = "382--395",
year = "2013",
note = "",
issn = "0736-5845",
doi = "https://doi.org/10.1016/j.rcim.2013.03.002",
url = "http://www.sciencedirect.com/science/article/pii/S0736584513000288"
}

@article{Rodriguez-Leal11,
author="Ernesto Rodriguez-Leal and Jian S. Dai and Gordon R. Pennock",
title="Kinematic analysis of a 5-RSP parallel mechanism with centralized motion",
journal="Meccanica",
year="2011",
volume="46",
number="1",
pages="221--237",
issn="1572-9648",
doi="10.1007/s11012-010-9412-y",
url="http://dx.doi.org/10.1007/s11012-010-9412-y"
}

@book{Rodriguez-Leal10,
title = "Evolutionary Design of Parallel Mechanisms: Kinematics of a Family of Parallel Mechanisms with CentralizedMotion",
author = "Ernesto Rodriguez-Leal and J. S. Dai",
year = "2010",
isbn = "3838378768",
publisher = "Lambert Academic Publishing",
}

% Optional fields: volume, number, pages, month, note
@ARTICLE{Shai05,
author = {Offer Shai and Gordon R. Pennock},
title = {A Study of the Duality Between Planar Kinematics and Statics},
journal = {J. Mech. Des.},
year = {2005},
volume = {128},
number = {3},
pages = {587-598},
month = {October},
doi = {10.1115/1.2181600}
}

@article{Palacios-Velez2015,
author = {Óscar Luis Palacios-Vélez and Felipe J.A. Pedraza-Oropeza and Bernardo Samuel Escobar-Villagran},
title = {An algebraic approach to finding the Fermat–Torricelli point},
journal = {International Journal of Mathematical Education in Science and Technology},
volume = {46},
number = {8},
pages = {1252--1259},
year = {2015},
doi = {10.1080/0020739X.2015.1036947},
URL = {http://dx.doi.org/10.1080/0020739X.2015.1036947}
}

@book{Spong2005,
  title={Robot Modeling and Control},
  author={Spong, M.W. and Hutchinson, S. and Vidyasagar, M.},
  isbn={9780471649908},
  lccn={2005054227},
  year={2005},
  publisher={Wiley and Sons}
}

@misc{WeissteinFermat,
    author = {Eric W. Weisstein},
    title = {Fermat Points},
    howpublished = {Internet},
    note = {from Mathworld, a Wolfram Web Resource},
    url = {http://mathworld.wolfram.com/FermatPoints.html}
}

% Optional fields: volume, number, pages, month, note
@ARTICLE{Joshi02,
  author = {Sameer A. Joshi and Lung-Wen Tsai},
  title = {Jacobian Analysis of Limited-{DOF} Parallel Manipulators},
  journal = {Journal of Mechanical Design},
  year = {2002},
  number = {2},
  volume = {124},
  pages = {254--258},
  doi = {10.1115/1.1469549},
  month = {May}
}